@misc{AudioFormats,
      title={Audio and sound file extension list [Электронный ресурс]},
      note={Режим доступа: \url{https://www.file-extensions.org/filetype/extension/name/audio-and-sound-files} (Дата обращения 2021-11-24)}
}

@misc{CBMS,
      title={Content-Based Retrieval of Musical Scores in an Object-Oriented Database System [Электронный ресурс]},
      note={Режим доступа: \url{https://www.researchgate.net/publication/220993805\_Content-Based\_Retrieval\_of\_Musical\_Scores\_in\_an\_Object-Oriented\_Database\_System} (Дата обращения 2021-09-20)}
}

@misc{FRHH,
      title={Frequency Range of Human Hearing [Электронный ресурс]},
      note={Режим доступа: \url{https://hypertextbook.com/facts/2003/ChrisDAmbrose.shtml} (Дата обращения 2022-02-16)}
}

@misc{Sound,
      title={Introduction to Audio Storage [Электронный ресурс]},
      note={Режим доступа: \url{http://mediaintro.teeks99.com/Audio/Audio-1-Storage.html} (Дата обращения 2021-11-17)}
}

@misc{PSQL,
      title={PostgreSQL: The World's Most Advanced Open Source Relational Database [Электронный ресурс]},
      note={Режим доступа: \url{https://www.postgresql.org} (Дата обращения 2022-05-01)}
}

@misc{PDAC,
      title={Principles of Data Acquisition and Conversion [Электронный ресурс]},
      note={Режим доступа: \url{https://www.ti.com/lit/an/sbaa051a/sbaa051a.pdf} (Дата обращения 2021-11-17)}
}

@misc{AITMAWC,
      title={R. Brown, An Introduction to Music Analysis with Computer [Электронный ресурс]},
      note={Режим доступа: \url{https://citeseerx.ist.psu.edu/viewdoc/download?doi=10.1.1.511.4241&rep=rep1&type=pdf} (Дата обращения 2021-12-10)}
}

@misc{SMFFS,
      title={Standard MIDI-File Format Spec. 1.1, updated [Электронный ресурс]},
      note={Режим доступа: \url{http://www.music.mcgill.ca/~ich/classes/mumt306/StandardMIDIfileformat.htm} (Дата обращения 2021-12-01)}
}

@misc{TypesofSynthesis,
      title={Types of Synthesis [Электронный ресурс]},
      note={Режим доступа: \url{https://www.schoolofsynthesis.com/sites/default/files/Types\%20of\%20Synthesis\_0.pdf} (Дата обращения 2021-12-09)}
}

@misc{WNOSQL,
      title={Нереляционные данные и базы данных NoSQ [Электронный ресурс]},
      note={Режим доступа: \url{https://docs.microsoft.com/ru-ru/azure/architecture/data-guide/big-data/non-relational-data} (Дата обращения 2021-11-05)}
}

@misc{AMNOSQL,
      title={Что такое базы данных NoSQL? [Электронный ресурс]},
      note={Режим доступа: \url{https://aws.amazon.com/ru/nosql/} (Дата обращения 2021-11-05)}

@misc{BLOB,
      title={BLOB (binary large object) [Электронный ресурс]},
      note={Режим доступа: \url{https://searchsqlserver.techtarget.com/definition/BLOB} (Дата обращения 2021-12-09)}

@misc{WIS,
      title={What is Sound? [Электронный ресурс]},
      note={Режим доступа: \url{http://www.podcomplex.com/guide/physics.html} (Дата обращения 2021-12-01)}
}

@misc{SoundVolume,
      title={Громкость и высота звука. Эхо [Электронный ресурс]},
      note={Режим доступа: \url{https://phscs.ru/physics8/volume-sound} (Дата обращения 2021-12-10)}

@misc{DPSQL,
      title={Документация к PostgreSQL 9.6.24 [Электронный ресурс]},
      note={Режим доступа: \url{https://postgrespro.ru/docs/postgresql/9.6/index} (Дата обращения 2022-05-01)}

@misc{TS,
      title={Ананьев Б. Г. Теория ощущений [Электронный ресурс]},
       note={Режим доступа: \url{http://elib.gnpbu.ru/text/ananyev\_teoriya-oschuscheniy\_1961/go,0;fs,1/} (Дата обращения 2021-12-20)}
}

@misc{TIMBRE,
      title={Timbre [Электронный ресурс]},
      note={Режим доступа: \url{http://hyperphysics.phy-astr.gsu.edu/hbase/Sound/timbre.html} (Дата обращения 2022-02-25)}
}

@misc{KZI,
      title={Кодирование звуковой информации [Электронный ресурс]},
      note={Режим доступа: \url{https://www.sites.google.com/site/ivanovsinform/teoreticeskij-material/kodirovanie-informacii/kodirovanie-zvukovoj} (Дата обращения 2022-04-12)}
}

@book{P,  
  title={Очерки по истории партитурной нотации (XVI — первая половина XVIII века)}, 
  author={Барсова И. А.},  
  year={1997},  
  address={Москва}
}

@misc{Mongo,
      title={MongoDB [Электронный ресурс]},
      note={Режим доступа: \url{https://www.mongodb.com} (Дата обращения 2022-05-23)}
}

@misc{BSON,
      title={BSON [Электронный ресурс]},
      note={Режим доступа: \url{https://bsonspec.org} (Дата обращения 2022-05-01)}
}

@misc{JSON,
      title={JSON [Электронный ресурс]},
      note={Режим доступа: \url{https://www.json.org/json-en.html} (Дата обращения 2022-05-01)}
}

@misc{BinData,
      title={Specification Version 1.1 [Электронный ресурс]},
      note={Режим доступа: \url{https://bsonspec.org/spec.html} (Дата обращения 2022-05-05)}
}

@misc{C,
      title={C - Project status and milestones [Электронный ресурс]},
      note={Режим доступа: \url{https://www.open-std.org/JTC1/SC22/WG14/www/projects#9899} (Дата обращения 2022-04-28)}
}

@misc{CPP,
      title={News, Status & Discussion about Standard C++ [Электронный ресурс]},
      note={Режим доступа: \url{https://isocpp.org} (Дата обращения 2022-04-28)}
}

@misc{CS,
      title={Документация по C\# [Электронный ресурс]},
      note={Режим доступа: \url{https://docs.microsoft.com/ru-ru/dotnet/csharp/} (Дата обращения 2022-04-28)}
}

@misc{Python,
      title={Python [Электронный ресурс]},
      note={Режим доступа: \url{https://www.python.org} (Дата обращения 2022-05-01)}
}

@misc{Java,
      title={Java [Электронный ресурс]},
      note={Режим доступа: \url{https://www.oracle.com/cis/java/} (Дата обращения 2022-05-25)}
}

@misc{VSC,
      title={VSC [Электронный ресурс]},
      note={Режим доступа: \url{code.visualstudio.com} (Дата обращения 2022-05-25)}
}

@misc{Rider,
      title={Rider [Электронный ресурс]},
      note={Режим доступа: \url{https://www.jetbrains.com/ru-ru/rider/} (Дата обращения 2022-05-25)}
}

@misc{BenchMark,
      title={BenchmarkDotNet [Электронный ресурс]},
      note={Режим доступа: \url{https://benchmarkdotnet.org/} (Дата обращения 2022-05-20)}
}

@misc{CSDriver,
      title={MongoDB C\#/.NET Driver [Электронный ресурс]},
      note={Режим доступа: \url{https://www.mongodb.com/docs/drivers/csharp/} (Дата обращения 2022-04-29)}
}

@misc{NuGet,
      title={NuGet [Электронный ресурс]},
      note={Режим доступа: \url{https://www.nuget.org} (Дата обращения 2022-04-29)}
}

@misc{Net,
      title={NET | Free. Cross-platform. Open Source [Электронный ресурс]},
      note={Режим доступа: \url{https://dotnet.microsoft.com/en-us/} (Дата обращения 2022-03-19)}
}

@misc{Perfolizer,
      title={perfolizer | Performance analysis toolkit | Code Analyzer library [Электронный ресурс]},
      note={Режим доступа: \url{https://kandi.openweaver.com/csharp/AndreyAkinshin/perfolizer} (Дата обращения 2022-05-20)}
}

@misc{SCons,
      title={SCons: A software construction tool - SCons [Электронный ресурс]},
      note = {Режим доступа: \url{https://scons.org} (Дата обращения 2022-05-05)}
}

@misc{Instruction,
      title={Building MongoDB [Электронный ресурс]},
      note = {Режим доступа: \url{https://github.com/mongodb/mongo/blob/master/docs/building.md} (Дата обращения 2022-05-05)}
}

@misc{Shell,
      title={MongoDB Shell (mongosh) [Электронный ресурс]},
      note = {Режим доступа: \url{https://www.mongodb.com/docs/mongodb-shell/} (Дата обращения 2022-05-06)}
}

@misc{GCC,
      title={GCC, the GNU Compiler Collection [Электронный ресурс]},
      note = {Режим доступа: \url{https://gcc.gnu.org} (Дата обращения 2022-05-05)}
}

@misc{Clang,
      title={Clang: a C language family frontend for LLVM [Электронный ресурс]},
      note = {Режим доступа: \url{https://clang.llvm.org} (Дата обращения 2022-05-05)}
}

@misc{Linux,
      title={Linux [Электронный ресурс]},
      note = {Режим доступа: \url{https://www.linux.org.ru} (Дата обращения 2022-05-07)}
}

@misc{macOS,
      title={macOS Monterey [Электронный ресурс]},
      note = {Режим доступа: \url{https://www.apple.com/ru/macos/monterey/} (Дата обращения 2022-05-07)}
}

@misc{LibCurl,
      title={libcurl - the multiprotocol file transfer library [Электронный ресурс]},
      note = {Режим доступа: \url{https://curl.se/libcurl/} (Дата обращения 2022-05-05)}
}

@misc{PyMongo,
      title={pymongo 4.1.1 [Электронный ресурс]},
      note = {Режим доступа: \url{https://pypi.org/project/pymongo/} (Дата обращения 2022-05-25)}
}

@misc{PyGame,
      title={Pygame [Электронный ресурс]},
      note = {Режим доступа: \url{https://www.pygame.org/news} (Дата обращения 2022-05-25)}
}

@misc{Tk,
      title={Tkinter [Электронный ресурс]},
      note = {Режим доступа: \url{https://docs.python.org/3/library/tkinter.html} (Дата обращения 2022-05-25)}
}
